@book{Tolkien54,
	author = {Tolkien, John R. R.},
	title = {The Lord of the Rings},
	publisher = {Allen & Unwin},
	address = {London},
	year = {1954},}