@BOOK{2016,
    AUTHOR = {Semmler-Schmeitz, Martina},
    YEAR = {2016},
    TITLE = {Zehn Jahre RFID-Einsatz in der Bibliothek der Medizinischen Fakultät Mannheim},
    EDITION = { 6. vollst. überarb. u. erw. Aufl. },
    ISBN = { 3-64221-141-0 },
    PUBLISHER = {Springer},
    ADDRESS = { Berlin },
}

@BOOK{2019,
    AUTHOR = {Zeitler, Marie-Luise},
    YEAR = {2019},
    TITLE = { Subjektive Genesung, Lebensqualität und Lebenszufriedenheit bei ehemaligen Patientinnen mit einer Borderline- Persönlichkeitsstörung – Eine Untersuchung mit quantitativen und qualitativen Methoden},
    EDITION = { 4. vollst. überarb. u. erw. Aufl. },
    ISBN = { 3-64221-141-0 },
    PUBLISHER = {Springer},
    ADDRESS = { Heidelberg },
}

@BOOK{2015,
    AUTHOR = {Weller, Marc-Philippe},
    YEAR = {2015},
    TITLE = { Der internationale Anwendungsbereich der Geschlechterquote für Großunternehmen},
    EDITION = { 6. vollst. überarb. u. erw. Aufl. },
    ISBN = { 3-64221-141-0 },
    PUBLISHER = {Springer},
    ADDRESS = { Heidelberg },
}

